%% This BibTeX bibliography file was created using BibDesk.
%% http://bibdesk.sourceforge.net/


%% Created for Mark Madsen at 2015-03-01 11:16:46 -0800 


%% Saved with string encoding Unicode (UTF-8) 



@book{xie2013dynamic,
	Author = {Xie, Yihui},
	Date-Added = {2014-04-11 18:30:01 +0000},
	Date-Modified = {2014-04-11 18:30:01 +0000},
	Publisher = {CRC Press},
	Title = {Dynamic Documents with R and knitr},
	Year = {2013}}

@book{Ewens2004,
	Author = {Ewens, Warren J},
	Date-Added = {2014-04-11 18:20:30 +0000},
	Date-Modified = {2014-04-11 18:20:30 +0000},
	Edition = {2nd},
	Publisher = {New York, Springer},
	Title = {Mathematical Population Genetics, Volume 1: Theoretical Introduction},
	Year = {2004}}

@book{national2012Assessing,
	Author = {{Committee on Mathematical Foundations of Verification Validation and Uncertainty Quantification, National Research Council}},
	Date-Added = {2013-12-20 23:51:01 +0000},
	Date-Modified = {2013-12-20 23:51:01 +0000},
	Isbn = {9780309256346},
	Publisher = {The National Academies Press},
	Title = {Assessing the Reliability of Complex Models: Mathematical and Statistical Foundations of Verification, Validation, and Uncertainty Quantification},
	Url = {http://www.nap.edu/openbook.php?record_id=13395},
	Year = {2012},
	Bdsk-Url-1 = {http://www.nap.edu/openbook.php?record_id=13395}}

@book{CF1981,
	Address = {Princeton},
	Author = {Cavalli-Sforza, L.L. and Feldman, Marcus W.},
	Date-Added = {2013-11-17 21:29:42 +0000},
	Date-Modified = {2013-11-17 21:29:42 +0000},
	Publisher = {Princeton University Press},
	Title = {Cultural Transmission and Evolution: A Quantitative Approach.},
	Year = {1981}}

@book{BR1985,
	Address = {Chicago},
	Author = {Boyd, R. and Richerson, P.J.},
	Date-Added = {2013-11-17 21:29:33 +0000},
	Date-Modified = {2013-11-17 21:29:33 +0000},
	Publisher = {University of Chicago Press},
	Title = {Culture and the Evolutionary Process},
	Year = {1985}}
